@Manual{ tpm_spec,
	title = "TPM main specification",
	organization = "Trusted Computing Group",
	year = "2005",
	note = "Version 1.2 rev. 85",
	author = Trusted Computing Group
}

